% Encoding: UTF-8

@Report{Nho20,
  author = {Nhóm 5},
  date   = {2020},
  title  = {Từ điển thuật ngữ của Hệ thống mua vé và tham gia sự kiện trực tuyến},
}

@Article{Com98,
  author = {IEEE Software Engineering Standards Committee},
  date   = {1998-10-20},
  title  = {IEEE Std 830-1998, IEEE Recommended Practice for Software Requirements Specification},
}

@Conference{Han21,
  author = {Đặng Đức Hạnh},
  date   = {2021},
  title  = {Phân tích và thiết kế hướng đối tượng},
}

@Comment{jabref-meta: databaseType:biblatex;}

@Comment{jabref-meta: keypatterndefault:[auth3][shortyear];}
