% Encoding: UTF-8

@Article{Li,
  author       = {Ping Li, Toan Huynh, Marek Reformat, James Miller},
  title        = {A practical approach to testing GUI systems},
  date         = {August 2007},
  journaltitle = {Empirical Software Engineering 12},
}

@Article{Sah,
  author       = {S. AhmedMouayad Sahib, Mouayad Sahib, Moayad Potrus},
  title        = {Generating combinatorial test cases using Simplified Swarm Optimization (SSO) algorithm for automated GUI functional testing},
  date         = {August 2014},
  journaltitle = {Engineering Science and Technology an International Journal 17},
}

@WWW{Swa20,
  author = {Swati},
  editor = {Swati},
  date   = {November 13, 2020},
  title  = {What Is Mutation Testing: Tutorial With Examples},
  url    = {https://www.softwaretestinghelp.com/what-is-mutation-testing/},
}

@InBook{Moh14,
  author    = {Mohamed Wiem Mkaouer, Marouane Kessentini},
  title     = {Model Transformation Using Multiobjective Optimization},
  booktitle = {Advances in Computers},
  date      = {2014},
}

@Book{Pre15,
  author = {Pressman},
  title  = {Software Engineering: Apractitioner’s approach},
  date   = {2015},
}

@Book{Hun,
  author = {Phạm Ngọc Hùng, Trương Anh Hoàng, Đặng Văn Hưng},
  date   = {2014-01-01},
  title  = {Giáo trình kiểm thử phần mềm},
}

@Book{Jor14,
  author = {Jorgensen, Paul C.},
  title  = {Software Testing: A Caftman's Approach},
  date   = {2014},
}

@Online{sof20,
  author = {softwaretestinghelp},
  date   = {November 13, 2020},
  title  = {GUI Testing Tutorial: A Complete User Interface (UI) Testing Guide},
  url    = {https://www.softwaretestinghelp.com/gui-testing/},
}

@Online{gur,
  author = {guru99},
  date   = {2021-01-01},
  title  = {System Testing},
  url    = {https://www.guru99.com/system-testing.html},
}

@Online{gura,
  author = {guru99},
  date   = {2021-01-01},
  title  = {Component Testing},
  url    = {https://www.guru99.com/component-testing.html},
}

@Comment{jabref-meta: databaseType:biblatex;}

@Comment{jabref-meta: keypatterndefault:[auth3][shortyear];}
