% Encoding: UTF-8

@Book{Sof03,
  author = {Rational Software.},
  date   = {2003},
  title  = {Course Registration System Use-Case Model},
}

@Report{Nho21,
  author = {Nhóm 6},
  date   = {2021},
  title  = {Từ điển thuật ngữ của Hệ thống Hỗ trợ giảng dạy và học tập trực tuyến.},
  type   = {software},
}

@Conference{Han21,
  author = {Đặng Đức Hạnh},
  date   = {2021},
  title  = {Phân tích và thiết kế hướng đối tượng},
}

@Comment{jabref-meta: databaseType:biblatex;}

@Comment{jabref-meta: keypatterndefault:[auth3][shortyear];}
