% Encoding: UTF-8

@Article{Com98,
  author = {IEEE Software Engineering Standards Committee},
  date   = {1998-10-20},
  title  = {IEEE Std 830-1998, IEEE Recommended Practice for Software Requirements Specification},
}

@Conference{Han21,
  author = {Đặng Đức Hạnh},
  date   = {2021},
  title  = {Phân tích và thiết kế hướng đối tượng},
}

@Report{Nho21,
  author = {Nhóm 6},
  date   = {2021},
  title  = {Từ điển thuật ngữ của Hệ thống Hỗ trợ giảng dạy và học tập trực tuyến.},
  type   = {software},
}

@WWW{Moo20,
  author = {Moodle},
  date   = {2020-11-17},
  title  = {Moodle documentation},
  url    = {https://docs.moodle.org/310/en/Main_page},
}

@Comment{jabref-meta: databaseType:biblatex;}

@Comment{jabref-meta: keypatterndefault:[auth3][shortyear];}
